@book {AR:LocPres,
    AUTHOR = {Ad{\'a}mek, J. and Rosick{\'y}, J.},
     TITLE = {Locally presentable and accessible categories},
    SERIES = {London Mathematical Society Lecture Note Series},
    VOLUME = {189},
 PUBLISHER = {Cambridge University Press, Cambridge},
      YEAR = {1994},
     PAGES = {xiv+316},
      ISBN = {0-521-42261-2},
   MRCLASS = {18Axx (18-02)},
  MRNUMBER = {1294136},
MRREVIEWER = {J. R. Isbell},
       DOI = {10.1017/CBO9780511600579},
       URL = {https://doi.org/10.1017/CBO9780511600579},
}

@article {ARV2010,
    AUTHOR = {Ad{\'a}mek, J. and Rosick{\'y}, J. and Vitale, E. M.},
     TITLE = {What are sifted colimits?},
   JOURNAL = {Theory Appl. Categ.},
  FJOURNAL = {Theory and Applications of Categories},
    VOLUME = {23},
      YEAR = {2010},
     PAGES = {No. 13, 251--260},
      ISSN = {1201-561X},
   MRCLASS = {18A30 (18A35)},
  MRNUMBER = {2720191 (2011g:18002)},
MRREVIEWER = {Stephen Lack},
}
	
@book {ARV2011,
    AUTHOR = {Ad{\'a}mek, J. and Rosick{\'y}, J. and Vitale, E. M.},
     TITLE = {Algebraic theories},
    SERIES = {Cambridge Tracts in Mathematics},
    VOLUME = {184},
      NOTE = {A categorical introduction to general algebra,
              With a foreword by F. W. Lawvere},
 PUBLISHER = {Cambridge University Press, Cambridge},
      YEAR = {2011},
     PAGES = {xviii+249},
      ISBN = {978-0-521-11922-1},
   MRCLASS = {18-02 (18C05 18C10 18C15)},
  MRNUMBER = {2757312 (2012f:18001)},
MRREVIEWER = {Walter Tholen},
}

@article{kelly1980unified,
  title={A unified treatment of transfinite constructions for free algebras, free monoids, colimits, associated sheaves, and so on},
  author={Kelly, G. M.},
  journal={Bulletin of the Australian Mathematical Society},
  volume={22},
  number={1},
  pages={1--83},
  year={1980},
  publisher={Cambridge University Press}
}

@book {Kelly,
    AUTHOR = {Kelly, G. M.},
     TITLE = {Basic concepts of enriched category theory},
    SERIES = {London Mathematical Society Lecture Note Series},
    VOLUME = {64},
 PUBLISHER = {Cambridge University Press},
   ADDRESS = {Cambridge},
      YEAR = {1982},
     PAGES = {245},
      ISBN = {0-521-28702-2},
   MRCLASS = {18-02 (18D20)},
  MRNUMBER = {MR651714 (84e:18001)},
MRREVIEWER = {F. E. J. Linton},
}

@incollection{lack20102,
  title={A 2-categories companion},
  author={Lack, S.},
  booktitle={Towards higher categories},
  pages={105--191},
  year={2010},
  publisher={Springer}
}

@book {MacLane2,
    AUTHOR = {Mac~Lane, S.},
     TITLE = {Categories for the working mathematician},
    SERIES = {Graduate Texts in Mathematics},
    VOLUME = {5},
   EDITION = {Second},
 PUBLISHER = {Springer-Verlag, New York},
      YEAR = {1998},
     PAGES = {xii+314},
      ISBN = {0-387-98403-8},
   MRCLASS = {18-02},
  MRNUMBER = {1712872 (2001j:18001)},
}

@book {Riehl,
    AUTHOR = {Riehl, E.},
     TITLE = {Categorical homotopy theory},
    SERIES = {New Mathematical Monographs},
    VOLUME = {24},
 PUBLISHER = {Cambridge University Press, Cambridge},
      YEAR = {2014},
     PAGES = {xviii+352},
      ISBN = {978-1-107-04845-4},
   MRCLASS = {18G55 (18D20 55U35)},
  MRNUMBER = {3221774},
MRREVIEWER = {David A. Blanc},
       DOI = {10.1017/CBO9781107261457},
       URL = {http://dx.doi.org/10.1017/CBO9781107261457},
}


@article{riehl2016homotopy,
  title={Homotopy coherent adjunctions and the formal theory of monads},
  author={Riehl, E. and Verity, D.},
  journal={Advances in Mathematics},
  volume={286},
  pages={802--888},
  year={2016},
  publisher={Elsevier}
}

@book{riehl2017category,
  title={Category theory in context},
  author={Riehl, E.},
  year={2017},
  publisher={Courier Dover Publications}
}

@article{riehl2018elements,
  title={Elements of $\infty$-category theory},
  author={Riehl, E. and Verity, D.},
  journal={Preprint available at \url{www.math.jhu.edu/~eriehl/elements.pdf}},
  year={2018}
}

@article{street1972formal,
  title={The formal theory of monads},
  author={Street, R.},
  journal={Journal of Pure and Applied Algebra},
  volume={2},
  number={2},
  pages={149--168},
  year={1972},
  publisher={North-Holland}
}
